@book{wilf1990generatingfunctionology,
  title={Generatingfunctionology},
  author={Wilf, H.S.},
  isbn={9780127519555},
  lccn={89018117},
  url={https://books.google.pl/books?id=CrjvAAAAMAAJ},
  year={1990},
  publisher={Academic Press}
}

@misc{evan,
  title={Summation},
  author={Chen, E.},
  howpublished = "\url{https://web.evanchen.cc/handouts/Summation/Summation.pdf}"
}

@misc{guzicki,
  title={Funkcje tworzące},
  author={Guzicki, W.},
  howpublished = "\url{https://www.mimuw.edu.pl/~guzicki/materialy/Funkcje_tw.pdf}"
}

@misc{sarbicki,
  title={Matematyka dyskretna. Wykład 3: Aparat funkcji tworzących},
  author={Sarbicki, G.},
  howpublished = "\url{http://fizyka.umk.pl/~gniewko/didaktiki/MD2013-2014/wyk%C5%82ad3.pdf}"
}

@misc{novakovic,
  title={Generating functions},
  author={Novakovic, M.},
  howpublished = "\url{http://csikvarip.web.elte.hu/generating_functions_Novakovic.pdf}"
}

@misc{goemans,
  title={Generating functions},
  author={Goemans, M.},
  howpublished = "\url{https://math.mit.edu/~goemans/18310S15/generating-function-notes.pdf}"
}

@misc{zhao,
  title={Combinatorics: counting in two ways, generating functions, algebraic combinatorics},
  author={Zhao, Y.},
  howpublished = "\url{https://yufeizhao.com/olympiad/comb3.pdf}"
}


